@Article{CPL13a,
author = {Ching-Pei Lee and Chih-Jen Lin},
title = {Large-scale Linear Rank{SVM}},
year =   {2014},
journal = {Neural Computation},
url = {http://www.csie.ntu.edu.tw/~cjlin/papers/ranksvm/ranksvml2.pdf},
volume={26},
number={4},
pages={781--817}
}
@article{AA11b,
 author={Airola, Antti and Pahikkala, Tapio and Salakoski, Tapio},
 title={Training Linear Ranking {SVM}s in Linearithmic Time Using Red--black Trees},
 journal={Pattern Recognition Letters},
 volume={32},
 number={9},
 pages={1328--1336},
 year={2011},
 publisher={Elsevier}
}
@InProceedings{TMK14a,
  author =       {Tzu-Ming Kuo and Ching-Pei Lee and Chih-Jen Lin},
  title =        {Large-scale Kernel Rank{SVM}},
  OPTcrossref =  {},
  OPTkey =       {},
  booktitle =    {Proceedings of SIAM International Conference on Data Mining},
  OPTpages =     {},
  year =         {2014},
  OPTeditor =    {},
  OPTvolume =    {},
  OPTnumber =    {},
  OPTseries =    {},
  OPTaddress =   {},
  OPTmonth =     {},
  OPTorganization = {},
  OPTpublisher = {},
  OPTnote =      {},
  url = {http://www.csie.ntu.edu.tw/~cjlin/papers/ranksvm/kernel.pdf},
  OPTannote =    {}
}

